<record><leader>00000cas a22000007a 4500</leader><controlfield tag="001">21094584</controlfield><controlfield tag="008">900220d19uu1990gauwr ne      0    0eng d</controlfield><datafield ind1=" " ind2=" " tag="010"><subfield code="a">sn 90052139 </subfield></datafield><datafield ind1=" " ind2=" " tag="040"><subfield code="a">NLG</subfield><subfield code="b">eng</subfield><subfield code="c">NLG</subfield><subfield code="d">GUA</subfield><subfield code="d">OCLCQ</subfield><subfield code="d">OCLCF</subfield><subfield code="d">OCLCO</subfield></datafield><datafield ind1="1" ind2=" " tag="029"><subfield code="a">AU@</subfield><subfield code="b">000041034048</subfield></datafield><datafield ind1=" " ind2=" " tag="042"><subfield code="a">msc</subfield></datafield><datafield ind1=" " ind2=" " tag="043"><subfield code="a">n-us-ga</subfield></datafield><datafield ind1="0" ind2=" " tag="130"><subfield code="a">Observer (Blue Ridge, Ga.)</subfield></datafield><datafield ind1="1" ind2="4" tag="245"><subfield code="a">The Observer.</subfield></datafield><datafield ind1=" " ind2=" " tag="260"><subfield code="a">Blue Ridge, Ga. :</subfield><subfield code="b">Glenn Harbison,</subfield><subfield code="c">-1990.</subfield></datafield><datafield ind1=" " ind2=" " tag="300"><subfield code="a">v.</subfield></datafield><datafield ind1=" " ind2=" " tag="310"><subfield code="a">Weekly</subfield></datafield><datafield ind1="0" ind2=" " tag="362"><subfield code="a">-v. 8, no. 11 (Apr. 26, 1990).</subfield></datafield><datafield ind1=" " ind2=" " tag="530"><subfield code="a">Also on microfilm: Athens, Ga. : University of Georgia Libraries.</subfield></datafield><datafield ind1=" " ind2=" " tag="580"><subfield code="a">Merged with: News-herald (Blue Ridge, Ga.), to form: News observer (Blue Ridge, Ga.).</subfield></datafield><datafield ind1=" " ind2=" " tag="588"><subfield code="a">Description based on: Vol. 7, no. 18 (May 7, 1987).</subfield></datafield><datafield ind1=" " ind2="0" tag="651"><subfield code="a">Blue Ridge (Ga.)</subfield><subfield code="v">Newspapers.</subfield></datafield><datafield ind1=" " ind2="0" tag="651"><subfield code="a">Fannin County (Ga.)</subfield><subfield code="v">Newspapers.</subfield></datafield><datafield ind1=" " ind2="7" tag="655"><subfield code="a">Newspapers.</subfield><subfield code="2">fast</subfield><subfield code="0">(OCoLC)fst01423814</subfield></datafield><datafield ind1=" " ind2="7" tag="651"><subfield code="a">Georgia</subfield><subfield code="z">Blue Ridge.</subfield><subfield code="2">fast</subfield><subfield code="0">(OCoLC)fst01203221</subfield></datafield><datafield ind1=" " ind2="7" tag="651"><subfield code="a">Georgia</subfield><subfield code="z">Fannin County.</subfield><subfield code="2">fast</subfield><subfield code="0">(OCoLC)fst01213498</subfield></datafield><datafield ind1=" " ind2=" " tag="752"><subfield code="a">United States</subfield><subfield code="b">Georgia</subfield><subfield code="c">Fannin</subfield><subfield code="d">Blue Ridge.</subfield></datafield><datafield ind1="1" ind2="7" tag="785"><subfield code="t">News-herald (Blue Ridge, Ga.)</subfield><subfield code="w">(DLC)sn 86001625</subfield><subfield code="w">(OCoLC)13783622</subfield></datafield><datafield ind1="1" ind2="7" tag="785"><subfield code="t">News observer (Blue Ridge, Ga.)</subfield><subfield code="w">(DLC)sn 91099149</subfield><subfield code="w">(OCoLC)24220685</subfield></datafield></record>